<record><leader>00000cas a22000007a 4500</leader><controlfield tag="001">18512839</controlfield><controlfield tag="008">880921d19711971idusr ne      0    0eng d</controlfield><controlfield tag="009">8895</controlfield><datafield ind1=" " ind2=" " tag="010"><subfield code="a">sn 88056028 </subfield></datafield><datafield ind1=" " ind2=" " tag="040"><subfield code="a">NVB</subfield><subfield code="c">NVB</subfield><subfield code="d">OCLCQ</subfield></datafield><datafield ind1=" " ind2=" " tag="043"><subfield code="a">n-us-id</subfield></datafield><datafield ind1="0" ind2="0" tag="245"><subfield code="a">Boise City herald-tribune and Oregon-Idaho intelligencer.</subfield></datafield><datafield ind1=" " ind2=" " tag="260"><subfield code="a">Boise, Idaho :</subfield><subfield code="b">BC H-T staff collective</subfield></datafield><datafield ind1=" " ind2=" " tag="300"><subfield code="a">v.</subfield></datafield><datafield ind1=" " ind2=" " tag="310"><subfield code="a">Semimonthly</subfield></datafield><datafield ind1="0" ind2=" " tag="362"><subfield code="a">Feb. 1971-</subfield></datafield><datafield ind1="1" ind2=" " tag="362"><subfield code="a">Ceased in Mar. 1971?</subfield></datafield><datafield ind1=" " ind2=" " tag="500"><subfield code="a">"A fortnightly publication of pure truth."</subfield></datafield><datafield ind1=" " ind2="0" tag="650"><subfield code="a">Mexicans</subfield><subfield code="v">Newspapers.</subfield></datafield><datafield ind1=" " ind2="0" tag="651"><subfield code="a">Boise (Idaho)</subfield><subfield code="v">Newspapers.</subfield></datafield><datafield ind1=" " ind2=" " tag="752"><subfield code="a">United States</subfield><subfield code="b">Idaho</subfield><subfield code="c">Ada</subfield><subfield code="d">Boise.</subfield></datafield><datafield ind1=" " ind2=" " tag="752"><subfield code="a">United States</subfield><subfield code="b">Oregon.</subfield></datafield></record>